@article{Jeffrey_Ralph,
	author   = {Jeffrey L. Overbey and Ralph E. Johnson},
	doi      = {10.1145/1932682.1869485},
	keywords = {Fortran, Java, language design, language evolution, refactoring, restructuring},
	month    = {October},
	number   = {10},
	pages    = {493-502 },
	priority = {0},
	title    = {Regrowing a language: refactoring tools allow programming languages to evolve},
	url    ={http://dl.acm.org/citation.cfm?id=1640127&dl=ACM&coll=DL&CFID=649366908&CFTOKEN=41909639},
	year     = {2009}
}

@article{Max_Oege,
	author   = {Max Sch√§fer and Oege de Moor},
	doi      = {10.1145/1932682.1869485},
	keywords = {refactoring, specification, language extensions},
	month    = {October},
	number   = {16},
	pages    = {286-301},
	priority = {0},
	title    = {Specifying and Implementing Refactorings},
	url      = {http://dx.doi.org/10.1145/1932682.1869485},
	year     = {2010}
}



